@string{CMSCollab="{CMS Collaboration}"}
@string{PAS="Physics Analysis Summary"}
@string{AN="Analysis Note"}