@string{PhysLettB="Physical Letters B"}
@string{PhysRevLett="Physical Review Letters"}
@string{PhysRev="Physical Review"}
@string{PhysRevD="Phys. Rev. D"}
@string{NuclPhys="Nuclear Physics"}
@string{NuclPhysB="Nuclear Physics B"}
@string{ProgTheorPhys="Progress of Theoretical Physics"}
@string{JPhysConfSer="Journal of Physics Conference Series"}
@string{NuclPhysB="Nuclear Physics B"}
@string{NuovoCimento="Nuovo Cimento"}
@string{RevModPhys="Reviews of Modern Physics"}
@string{AstrophysJ="The Astrophysical Journal"}
@string{PhysRep="Physics Reports"}
@string{AstroPhysJSupplS="The Astrophysical Journal Supplement Series"}
@string{EurPhysJC="European Physical Journal C"}
@string{AIPConfProc="AIP Conference Proceedings"}
@string{RepProgPhys="Reports on Progress in Physics"}
@string{JHighEnergyPhys="Journal of High Energy Physics"}
@string{JInstrum="Journal of Instrumentation"}
@string{JPhysGNuclPartic="Journal of Physics G: Nuclear and Particle Physics"}
@string{CompPhysCommun="Computer Physics Communications"}
@string{NuclPhysBProcSup="Nuclear Physics B - Proceedings Supplements"}
@string{NuclInstrumMethA="Nuclear Instruments and Methods in Physics Research Section A: Accelerators, Spectrometers, Detectors and Associated Equipment"}
@string{ActaPhysPolB="Acta Physica Polonica B"}
@string{AmJSci="American Journal of Science"}
@string{AnnMathStat="The Annals of Mathematical Statistics"}