@string{PhysLettB="Phys. Lett. B"}
@string{PhysLett="Phys. Lett."}
@string{PhysRevLett="Phys. Rev. Lett."}
@string{PhysRev="Phys. Rev."}
@string{PhysRevD="Phys. Rev. D"}
@string{NuclPhys="Nucl. Phys."}
@string{NuclPhysB="Nucl. Phys. B"}
@string{ProgTheorPhys="Prog. Theor. Phys"}
@string{JPhysConfSer="J. Phys. Conf. Ser."}
@string{NuclPhysB="Nucl. Phys. B"}
@string{NuovoCimento="Nuovo Cimento"}
@string{RevModPhys="Rev. Mod. Phys."}
@string{AstrophysJ="Astrophys. J."}
@string{PhysRep="Phys. Rep."}
@string{AstroPhysJSupplS="Astrophys. J. Suppl. S."}
@string{EurPhysJC="Eur. Phys. J. C"}
@string{AIPConfProc="AIP Conf. Proc."}
@string{RepProgPhys="Rep. Prog. Phys."}
@string{JHighEnergyPhys="J. High Energy Phys."}
@string{JInstrum="J. Instrum."}
@string{JPhysGNuclPartic="J. Phys. G Nucl. Partic."}
@string{CompPhysCommun="Comp. Phys. Commun."}
@string{NuclPhysBProcSup="Nucl. Phys. B - Proc. Sup."}
@string{NuclInstrumMethA="Nucl. Instrum. Meth. A"}
@string{ActaPhysPolB="Acta Phys. Pol. B"}
